@article{Lachter:mo0018,
author = "Lachter, J. and Henry, L. G. and Bragg, R. H.",
title = "{Indirect determination of the incoherent scattering in disordered carbon materials}",
journal = "Journal of Applied Crystallography",
year = "1988",
volume = "21",
number = "2",
pages = "92--96",
month = "Apr",
doi = {10.1107/S0021889887009427},
url = {http://dx.doi.org/10.1107/S0021889887009427},
}
